<record><leader>00000cas a22000007a 4500</leader><controlfield tag="001">28879044</controlfield><controlfield tag="008">930923d18951904wyuwr ne      0    0eng d</controlfield><datafield ind1=" " ind2=" " tag="010"><subfield code="a">sn 93070112 </subfield></datafield><datafield ind1=" " ind2=" " tag="040"><subfield code="a">NVO</subfield><subfield code="b">eng</subfield><subfield code="c">NVO</subfield><subfield code="d">OCLCQ</subfield></datafield><datafield ind1="0" ind2=" " tag="130"><subfield code="a">Weekly boomerang (Laramie, Wyo. : 1895)</subfield></datafield><datafield ind1="1" ind2="4" tag="245"><subfield code="a">The weekly boomerang.</subfield></datafield><datafield ind1="1" ind2="3" tag="246"><subfield code="a">Boomerang</subfield><subfield code="f">May 1901-</subfield></datafield><datafield ind1="1" ind2="7" tag="246"><subfield code="a">Laramie boomerang</subfield><subfield code="f">1895-Apr. 1901</subfield></datafield><datafield ind1=" " ind2=" " tag="260"><subfield code="a">Laramie, Wyo. :</subfield><subfield code="b">[s.n.]</subfield></datafield><datafield ind1=" " ind2=" " tag="300"><subfield code="a">v.</subfield></datafield><datafield ind1=" " ind2=" " tag="310"><subfield code="a">Weekly (on Thursday)</subfield></datafield><datafield ind1="0" ind2=" " tag="362"><subfield code="a">Vol. 15, no. 69 (Nov. 7, 1895)-v. 24, no. 61 (Oct. 20, 1904).</subfield></datafield><datafield ind1=" " ind2=" " tag="515"><subfield code="a">Numbering is irregular.</subfield></datafield><datafield ind1=" " ind2=" " tag="580"><subfield code="a">Daily eds.: Daily boomerang, &lt;1881&gt;-May 1, 1901; and Laramie boomerang, May 2, 1901-Feb. 5, 1910.</subfield></datafield><datafield ind1=" " ind2=" " tag="580"><subfield code="a">Semiweekly ed.: Semi-weekly boomerang, Dec. 3, 1894-Jan. 1, 1912.</subfield></datafield><datafield ind1=" " ind2="4" tag="651"><subfield code="a">Laramie (Wyo.)</subfield><subfield code="v">Newspapers.</subfield></datafield><datafield ind1=" " ind2="4" tag="651"><subfield code="a">Albany County (Wyo.)</subfield><subfield code="v">Newspapers.</subfield></datafield><datafield ind1=" " ind2=" " tag="752"><subfield code="a">United States</subfield><subfield code="b">Wyoming</subfield><subfield code="c">Albany</subfield><subfield code="d">Laramie.</subfield></datafield><datafield ind1="1" ind2=" " tag="775"><subfield code="t">Daily boomerang (Laramie, Wyo. : 1884)</subfield><subfield code="w">(DLC)sn 86064499</subfield></datafield><datafield ind1="1" ind2=" " tag="775"><subfield code="t">Laramie boomerang (Laramie, Wyo. : 1901)</subfield><subfield code="w">(DLC)sn 86072181</subfield></datafield><datafield ind1="1" ind2=" " tag="775"><subfield code="t">Semi-weekly boomerang (Laramie, Wyo. : 1894)</subfield><subfield code="w">(DLC)sn 92066985</subfield></datafield><datafield ind1="0" ind2="0" tag="780"><subfield code="t">Boomerang (Laramie, Wyo.)</subfield><subfield code="w">(DLC)sn 93070111</subfield></datafield><datafield ind1="0" ind2="4" tag="785"><subfield code="t">Semi-weekly boomerang (Laramie, Wyo. : 1894)</subfield><subfield code="w">(DLC)sn 92066985</subfield></datafield></record>